@Misc{RFC2250,
  author =       "D. Hoffman and G. Fernando and V. Goyal and M.
                 Civanlar",
  title =        "{RFC 2250}: {RTP} Payload Format for {MPEG1\slash
                 MPEG2} Video",
  month =        jan,
  year =         1998,
  bibdate =      "Sat Mar 21 15:14:14 MST 1998",
  URL =          " ftp://ftp.internic.net/rfc/rfc2038.txt ,ftp://ftp.internic.net/rfc/rfc2250.txt ,ftp://ftp.math.utah.edu/pub/rfc/rfc2038.txt ,ftp://ftp.math.utah.edu/pub/rfc/rfc2250.txt ",
  acknowledgement = ack-nhfb ,
  format =       "TXT=34293 bytes",
  online =       "yes",
  status =       "PROPOSED STANDARD",
},

@Misc{RFC1889,
 author = "H. Schulzrinne and S. Casner and R. Frederick and V. Jacobson",
 title = "RTP: A Transport Protocol for Real-Time Applications",
 month = jan,
 year = "1996",
 URL = " ftp://ftp.internic.net/rfc/rfc1889.txt "
},

@Misc{RFC3119,
 author = "R. Finlayson",
 title = "A More Loss-Tolerant RTP Payload Format for MP3 Audio",
 month = jun,
 year = "2001",
 URL = " ftp://ftp.internic.net/rfc/rfc3119.txt ",
},

@Misc{FEC,
 author = "Luigi Rizzo",
 title = "Software FEC in computer communications",
 URL = "http://info.iet.unipi.it/~luigi/fec.html"
},

@article{FEC-article,
 author = "Luigi Rizzo",
 title = "Effective Erasure Codes for Reliable Computer Communication Protocols",
 journal = "Computer Communication Review",
 month = apr,
 year = "1998",
 URL = "http://info.iet.unipi.it/~luigi/fec_ccr.ps"
 }